% The CMMI reference
@misc{team2010cmmi,
  title={CMMI for Development, Version 1.3 (CMU/SEI-2010-TR-033). Software Engineering Institute},
  author={Team, CMMI Product},
  year={2010},
  publisher={Carnegie Mellon University}
}

% CMMI and RUP
@article{gallagher2001rational,
  title={The rational unified process and the capability maturity model--integrated systems/software engineering},
  author={Gallagher, Brian and Brownsword, Lisa},
  journal={RUP/CMMI Tutorial--ESEPG},
  year={2001}
}

@book{womack1990machine,
  title={Machine that changed the world},
  author={Womack, James P and Jones, Daniel T and Roos, Daniel},
  year={1990},
  publisher={Simon and Schuster}
}

@article{holweg2007genealogy,
  title={The genealogy of lean production},
  author={Holweg, Matthias},
  journal={Journal of operations management},
  volume={25},
  number={2},
  pages={420--437},
  year={2007},
  publisher={Elsevier}
}

@article{probasco2000ten,
  title={The Ten Essentials of RUP The Essence of an Effective Development Process},
  author={Probasco, Leslee},
  journal={Rational Software White paper},
  year={2000}
}

@techreport{ProductCMMIfor2010,
    title={CMMI for Development, Version 1.3},
    author={CMMI Product Team},
    year={2010},
    number={CMU/SEI-2010-TR-033},
    institution={Software Engineering Institute, Carnegie Mellon University},
    address={Pittsburgh, PA},
    url={http://resources.sei.cmu.edu/library/asset-view.cfm?AssetID=9661} 
}

% The Scrum Guide
@article{schwaber2011scrum,
  title={The scrum guide},
  author={Schwaber, Ken and Sutherland, Jeff},
  journal={Scrum Alliance},
  year={2011}
}

% 7S Google
@article{lunenburg2013compliance,
  title={Compliance theory and organizational effectiveness},
  author={Lunenburg, Fred C},
  journal={International journal of scholarly academic intellectual diversity},
  volume={13},
  number={1},
  pages={1--4},
  year={2013}
}

@inproceedings{striebeck2006ssh,
  title={Ssh! We Are Adding a Process...},
  author={Striebeck, Mark},
  booktitle={|},
  pages={185--193},
  year={2006},
  organization={IEEE}
}

@misc{esatraining2016,
  author = {Unknown},
  title = {{ESA training and technical assistance to SMES}},
  howpublished = "\url{http://www.esa.int/About_Us/Business_with_ESA/SME_Small_and_Medium_Sized_Enterprises/SME_Training/ESA_training_and_technical_assistance2}",
  year = {2016}, 
  note = "[Online; accessed 20-February-2016]"
}

@misc{esapmgmnt2016,
  author = {Unknown},
  title = {{Project Management}},
  howpublished = "\url{https://earth.esa.int/web/guest/software-tools/gut/about-gut/project-management}",
  year = {2016}, 
  note = "[Online; accessed 20-February-2016]"
}

@article{nuseibeh1997ariane,
  title={Ariane 5: who dunnit?},
  author={Nuseibeh, Bashar},
  journal={IEEE Software},
  volume={14},
  number={3},
  pages={15},
  year={1997},
  publisher={IEEE Computer Society}
}

@article{kumar2000market,
  title={From market driven to market driving},
  author={Kumar, Nirmalya and Scheer, Lisa and Kotler, Philip},
  journal={European management journal},
  volume={18},
  number={2},
  pages={129--142},
  year={2000},
  publisher={Elsevier}
}

@article{waterman1980structure,
  title={Structure is not organization},
  author={Waterman, Robert H and Peters, Thomas J and Phillips, Julien R},
  journal={Business Horizons},
  volume={23},
  number={3},
  pages={14--26},
  year={1980},
  publisher={Elsevier}
}

@article{sutherland2001inventing,
  title={Inventing and Reinventing SCRUM in five Companies},
  author={Sutherland, Jeff},
  journal={Patient-Keeper, Inc.(Online: http://faculty. salisbury. edu/\~{} xswang/research/papers/serelated/scrum/inventingscrum. pdf)},
  year={2001}
}